\bibitem{qw212}sdfgfg
\bibitem{fgdfs}ff321454



%%% Local Variables:
%%% mode: latex
%%% TeX-master: "template"
%%% End:
