@string{ijnme  ={International Journal for Numerical Methods in Engineering}}
@string{ijnmf  ={International Journal for Numerical Methods in Fluids}}
@string{ijcfd  ={International Journal of Computational Fluid Dynamics}}
@string{jnm  ={Journal of Numerical Methods}}
@string{ams  ={American Mathematical Society}}
@string{jsv  ={Journal of Sound and Vibration}}
@string{cmame  ={Computer Methods in Applied Mechanics and Engineering}}
@string{acm  ={Advances in Computational Mathematics}}
@string{siam ={Society for industrial and applied mathematics}}


@BOOK{bird,
  author =	{R. Bird and W. Stewart and E. Lightfoot},
  title = 	{Transport Phenomena, 2nd Edition},
  year = 	{2002}
}


@BOOK{durbin,
  author =	{P.A. Durbin and B.A. Pettersson Reif},
  title = 	{Statistic Theory and Modeling for Turbulent Flows},
  year = 	2011,
  pages =	{XX-XX}
}

@BOOK{kays,
  author =	{W.M. Kays and M.E. Crawford},
  title = 	{Convective Heat and Mass Transfer, 3rd Edition},
  year = 	{1993},
  pages =	{XX-XX}
}

@BOOK{iedelchik,
  author =	{I.E. Iedelchik},
  title = 	{Handbook of Local Resistance and Friction},
  year = 	1960,
  pages =	{XX-XX}
}

@BOOK{pope,
  author =	{S.B. Pope},
  title = 	{Turbulent Flows},
  year = 	2000,
  pages =	{XX-XX}
}

@BOOK{k-e,
  author =	{B. Mohammadi and O. Pironneau},
  title = {Analysis of the K-Epsilon TURBULENCE MODEL},
  year = 	1994,
  pages =	{XX-XX}
}

@BOOK{gunzburger,
  author = {M.D. Gunzburger},
  title = {Finite Element Methods for Viscous Incompressible FLows},
  year = 	1989,
  pages =	{XX-XX}
}

@ARTICLE{codina-stabilized,
  author =	{R. Codina},
  title = 	{A stabilized finite element method for generalized stationary incompressible flows},
  journal = cmame,
  year = 	2001,
  volume =	190,
  pages =	{2681-2706}
}

@ARTICLE{enriq,
  author =	{R.F. Ausas and G.C. Buscaglia and S.R. Idelsohn},
  title = 	{A new enrichment space for the treatment of discontinuous pressures in multi-fluid flows},
  journal = ijnmf,
  year = 	2011
}

@ARTICLE{equal-order,
  author =	{R. Codina and J. Blasco},
  title = 	{A finite element formulation for the Stokes problem allowing equal velocity-pressure interpolation},
  journal = cmame,
  year = 	1995,
  volume =	143,
  pages =	{373-391}
}

@ARTICLE{supg,
  author =	{R. Codina},
  title = 	{Comparison of some finite element methods for solving the diffusion-convection-reaction equation},
  journal = cmame,
  year = 	1998,
  volume =	156,
  pages =	{185-210}
}

@ARTICLE{pspg,
  author = { T.J.R. Hughes and L.P. Franca and M. Balestra},
  title = 	{A new finite element formulation for computational fluid dynamics: 
  V. Circumventing the Babu\v{s}ka-Brezzi condition: 
  a stable Petrov-Galerkin formulation of the Stokes problem accomodating equal-order interpolations},
  journal = cmame,
  year = 	1986,
  volume =	59,
  pages =	{85-99}
}

@BOOK{level-set,
  author =	{S. Osher and R. Fedkiw},
  title = 	{Level Set Methods and Dynamic Implicit Surfaces},
  year = 	2003,
  pages =	{XX-XX}
}

@ARTICLE{lew,
  author =	{A.J. Lew},
  title = 	{El m\'etodo de elementos finitos en entornos computacionales de alta performance},
  journal = {Trabajo Especial Carrera de Ingenier\'ia Nuclear, Instituto Balseiro},
  year = 	1998,
  pages =	{57-64}
}

@ARTICLE{richardson,
  author =	{G.C. Buscaglia and E.A. Dari},
  title = 	{Numerical Investigation of Flow Through a Cavity With Internal Heat Generation},
  journal = {Numerical Heat Transfer},
  year = 	2003,
  pages =	{525-541}
}

@ARTICLE{fuente-fria,
  author =	{G.C. Buscaglia and E.A. Dari and E.J. Martín and D.L. Arnica and F.J. Bonetto},
  title = 	{Finite Element Modeling of Liquid Deuterium Flow and Heat Transfer in a Cold-neutron Source},
  journal = ijcfd,
  year = 	2004,
  volume = 18,
  pages =	{355-365}
}

@ARTICLE{k-e-realizable,
  author =	{A.J. Lew and G.C. Buscaglia and P.M. Carrica},
  title = 	{A note on the numerical treatment of the k-epsilon turbulence model},
  journal = ijcfd,
  year = 	2001,
}

@ARTICLE{coup-black,
  author =	{P.J. Blanco, J.S. Leiva and R.A. Feij\'oo and G.C Buscaglia},
  title = 	{Black-box decomposition approach for computational hemodynamics: One-dimensional models},
  journal = cmame,
  year = 	2010,
  volume =	200,
  pages =	{1389-1405}
}

@ARTICLE{coup-0d3d,
  author =	{J.S. Leiva and G.C. Buscaglia},
  title = 	{Estretegias de acoplamiento entre c\'odigos 0D/1D and c\'odigos CFD 3d},
  journal = {Mec\'anica Computacional},
  year = 	2006,
  volume =	{XXV},
  pages =	{53-82}
}

@ARTICLE{fede-enief2016,
  author =  {F.A. Caccia and Enzo A. Dari},
  title =   {Acoplamiento multiescala en cálculos fluidodinámicos},
  journal = {Mecánica Computacional},
  year =  2016,
  volume =  {XXXIV},
  pages = {1955-1972}
}

@ARTICLE{coup-strong,
  author =	{J.S. Leiva and P. J. Blanco and G.C. Buscaglia},
  title = 	{Iterative strong coupling of dimensionally heterogeneous models},
  journal = {International Journal for Numerical Methods in  Engineering},
  year = 	2009,
  volume =	81,
  pages =	{1558-1580}
}

@ARTICLE{coup-hyd,
  author =  {J.S. Leiva and P.J. Blanco and Gustavo C. Buscaglia},
  title =   {Partitioned Analysis for Dimensionally-Heterogeneous Hydraulic Networks},
  journal = {Multiscale Model. Simul.},
  year =  2011,
  volume =  9,
  pages = {872-903}
}


@ARTICLE{ddmethod,
  author =	{A. Quarteroni},
  title = 	{Introduction to Domain Decomposition Methods},
  journal = {6th Summer School in Analysis and Applied Mathematics},
  year = 	2011
}

@ARTICLE{invap-mockup,
  author =	{Invap},
  title = 	{Segundo Sistema de Parada - Validaci\'on del CFD para Drenaje del Tanque Reflector},
  year = 	2013
}

@ARTICLE{rechiman-paper,
  author =	{L.M. Rechiman and M.I. Cantero and F.A. Caccia and A. Chacoma and E.A. Dari},
  title = 	{Three-dimensional hydrodynamic modeling of the second shutdown system of an experimental nuclear reactor},
  journal = {Nuclear Engineering and Design},
  year = 	2017,
  volume =	319,
  pages = {163-175}
}

@ARTICLE{broyden,
  author =	{C.G. Broyden},
  title = 	{A Class of Methods for Solving Nonlinear Simultaneous Equations},
  journal = ams,
  year = 	1965,
  volume =	19,
  pages =	{577-593}
}

@BOOK{broyden-on,
  author =	{J. Dennis and R. Shnabel},
  title = 	{Numerical Methods for Unconstrained Optimization and Nonlinear Equations},
  publisher = siam,
  year = 	1996
}

@ARTICLE{salome,
  author =	{CEA/DEN, EDF R&D and OPEN CASCADE },
  title = 	{Salome version 7.8.0: Public release announcement},
  year = {2016}
}

@ARTICLE{gmsh,
  author =	{C. Geuzaine and J.F. Remacle},
  title = 	{Gmsh Reference Manual},
  year = {2016}
}

@ARTICLE{newton,
  title = 	{Newton: a multiphysics coupling master code},
  journal = {Repositorio GitHub: \url{https://github.com/fedecaccia/newton}},
  year = {2017}
}

@ARTICLE{github,
  author =	{GitHub and Inc.},
  title = 	{Plataforma de desarrollo colaborativo},
  journal = {\url{https://github.com}},
  year = {2008}
}

@ARTICLE{maestro-esclavo,
  author =	{B. Hendrickson and K. Devine},
  title = 	{Dynamic load balancing in computational mechanics},
  journal = cmame,
  year = {2000},
  vol = {184},
  pages = {485-500} 
}

@ARTICLE{comunicacion,
  author =	{B.O. Calviño},
  title = 	{Estrategias de Descomposición en Dominios para entornos Grid},
  journal = {Tesis Doctoral, Universidad Politécnica de Cataluña},
  year = {2007}
}

@ARTICLE{gpfep,
  author =	{G.C. Buscaglia and S.D. Felicelli},
  title = 	{Un sistema de generación de programas de Elementos Finitos},
  journal = {Documentación: Versión 1.1},
  year = {1995}
}

@ARTICLE{pargpfep,
  author =	{G.C. Buscaglia and E.A. Dari and A.J. Lew and M.A. Raschi},
  title = 	{Un programa general de elementos finitos en paralelo},
  journal = {Documentación: Versión 1.0},
  year = {2000}
}












@INCOLLECTION{Laricch2009AAMOP_ICBp3,
  author = { Laricchia, G. and  Armitage, S. and  K\"{o}ver, \'{A}. and  Murtagh, D.
      J.},
  title = {Ionizing Collisions by Positrons and Positronium Impact on the Inert
      Atoms},
  year = {2009},
  volume = {56},
  booktitle = {Advances in Atomic, Molecular and Optical Physics},
  publisher = {Academic Press, Inc.},
  pages = {3},
}
           
@INCOLLECTION{Briggs1991AAMOP_TTOp1,
  author = { Briggs, J. S. and  Macek, J. H.},
  editor = { Briggs, J. S. and  Macek, J. H.},
  title = {The theory of fast ion-atom collisions},
  year = {1991},
  volume = {28},
  booktitle = {Advances in Atomic, Molecular and Optical Physics},
  publisher = {Academic Press, Inc.},
  pages = {1-74},
}

@ARTICLE{Bohm1952PRp166,
  author = { Bohm, David},
  title = {A Suggested Interpretation of the Quantum Theory in Terms of ``{Hidden}"
      Variables. {I}},
  journal = {Physical Review},
  year = {1952},
  volume = {85},
  pages = {166-179},
}

@ARTICLE{Bohm1952PRp180,
  author = { Bohm, David},
  title = {A Suggested Interpretation of the Quantum Theory in Terms of ``{Hidden}"
      Variables. {II}},
  journal = {Physical Review},
  year = {1952},
  volume = {85},
  pages = {180-193},
}

@ARTICLE{Bohr1913PMp10,
  author = { Bohr, N.},
  journal = {Phil. Mag.},
  year = {1913},
  volume = {25},
  pages = {10},
}

@ARTICLE{Philipp1982NCBSp75,
  author = { Philippidis, C. and  Bohm, D. and  Kaye, R. D.},
  title = {{The Aharonov-Bohm effect and the quantum potential}},
  journal = {Nuovo Cimento B Serie},
  year = {1982},
  volume = {71},
  pages = {75-88},
}

@ARTICLE{Hunter07CSE,
        Address = {10662 LOS VAQUEROS CIRCLE, PO BOX 3014, LOS ALAMITOS, CA 90720-1314 USA},
        Author = {Hunter, John D.},
        Date-Added = {2010-09-23 12:22:10 -0700},
        Date-Modified = {2010-09-23 12:22:10 -0700},
        Isi = {000245668100019},
        Isi-Recid = {155389429},
        Journal = {Computing In Science \& Engineering},
        Month = {May-Jun},
        Number = {3},
        Pages = {90--95},
        Publisher = {IEEE COMPUTER SOC},
        Times-Cited = {21},
        Title = {Matplotlib: A 2D graphics environment},
        Type = {Editorial Material},
        Volume = {9},
        Year = {2007},
        Abstract = {Matplotlib is a 2D graphics package used for Python for application
                    development, interactive scripting, and publication-quality image
                    generation across user interfaces and operating systems.},
        Bdsk-Url-1 = {http://gateway.isiknowledge.com/gateway/Gateway.cgi?GWVersion=2&SrcAuth=Alerting&SrcApp=Alerting&DestApp=WOS&DestLinkType=FullRecord;KeyUT=000245668100019}}
